@article{rayleigh.soaring.1883,
  title         = {The soaring of birds},
  author        = {Rayleigh, Lord},
  journal       = {Nature},
  volume        = {27},
  number        = {701},
  pages         = {534--535},
  year          = {1883}
}

@article {zhao.optimalpatterns.2004,
  author        = {Zhao, Yiyuan J.},
  title         = {Optimal patterns of glider dynamic soaring},
  journal       = {Optimal Control Applications and Methods},
  volume        = {25},
  number        = {2},
  publisher     = {John Wiley & Sons, Ltd.},
  issn          = {1099-1514},
  url           = {http://dx.doi.org/10.1002/oca.739},
  doi           = {10.1002/oca.739},
  pages         = {67--89},
  keywords      = {dynamic soaring, optimal control, glider, wind gradient},
  year          = {2004},
}

@book{bennett.piloteval.1978,
  title         = {Pilot evaluation of sailplane handling qualities},
  author        = {Bennett, Arthur George},
  volume        = {2960},
  year          = {1978},
  publisher     = {National Aeronautics and Space Administration, Scientific and Technical Information Office}
}

@book{alexander.naturesflyers.2004,
  title         = {Nature's Flyers: Birds, Insects, and the Biomechanics of Flight},
  author        = {Alexander, D.E. and Vogel, S.},
  isbn          = {9780801880599},
  lccn          = {2001000821},
  series        = {Nature's Flyers},
  url           = {http://books.google.com/books?id=zj395mz\_GYkC},
  year          = {2004},
  publisher     = {Johns Hopkins University Press}
}

@article{barnes.howflies.2004,
  title         = {How Flies the Albatross--the Flight Mechanics of Dynamic Soaring},
  author        = {Barnes, J Philip},
  journal       = {Flight Dynamics},
  volume        = {2013},
  pages         = {04--03}
}

@article{denny.dynamicsoaring.2009,
  title         = {Dynamic soaring: aerodynamics for albatrosses},
  author        = {Denny, Mark},
  journal       = {European Journal of Physics},
  volume        = {30},
  number        = {1},
  pages         = {75},
  year          = {2009},
  publisher     = {IOP Publishing}
}

@article{sachs.minimumshear.2005,
  title         = {Minimum shear wind strength required for dynamic soaring of albatrosses},
  author        = {Sachs, Gottfried},
  journal       = {Ibis},
  volume        = {147},
  number        = {1},
  pages         = {1--10},
  year          = {2005},
  publisher     = {Wiley Online Library}
}

@article{richardson.highspeedrobotic.2012,
  title         = {High-speed robotic albatross: unmanned aerial vehicle powered by dynamic soaring},
  author        = {Richardson, Philip L},
  year          = {2012},
  publisher     = {B2Streamlines. com}
}

@article{pennycuick.flight.1982,
  title         = {The flight of petrels and albatrosses (Procellariiformes), observed in South Georgia and its vicinity},
  author        = {Pennycuick, CJ},
  journal       = {Philosophical Transactions of the Royal Society of London. B, Biological Sciences},
  volume        = {300},
  number        = {1098},
  pages         = {75--106},
  year          = {1982},
  publisher     = {The Royal Society}
}

@article{tucker.falconaero.1970,
  title         = {Aerodynamics of gliding flight in a falcon and other birds},
  author        = {Tucker, Vance A and Parrott, G Christian},
  journal       = {Journal of Experimental Biology},
  volume        = {52},
  number        = {2},
  pages         = {345--367},
  year          = {1970},
  publisher     = {The Company of Biologists Ltd}
}

@article{wood.flight.1973,
  title         = {The flight of albatrosses (a computer simulation)},
  author        = {Wood, CJ},
  journal       = {Ibis},
  volume        = {115},
  number        = {2},
  pages         = {244--256},
  year          = {1973},
  publisher     = {Wiley Online Library}
}

@book{videler.avianflightbook.2005,
  title         = {Avian flight},
  author        = {Videler, John J},
  year          = {2005},
  publisher     = {Oxford University Press},
  page          = {153}
}

@article{catry.sustainedfast.2004,
  title         = {Sustained fast travel by a gray-headed albatross (Thalassarche chrysostoma) riding an Antarctic storm},
  author        = {Catry, Paulo and Phillips, Richard A and Croxall, John P and Burger, AE},
  journal       = {The Auk},
  volume        = {121},
  number        = {4},
  pages         = {1208--1213},
  year          = {2004},
  publisher     = {BioOne}
}

@article{pennycuick.glidingpetrel.1960,
  title         = {Gliding flight of the fulmar petrel},
  author        = {Pennycuick, CJ},
  journal       = {Journal of experimental Biology},
  volume        = {37},
  number        = {2},
  pages         = {330--338},
  year          = {1960},
  publisher   = {The Company of Biologists Ltd}
}

@article{pennycuick.gust.2002,
  title         = {Gust soaring as a basis for the flight of petrels and albatrosses (Procellariiformes)},
  author        = {Pennycuick, Colin J},
  journal       = {Avian Science},
  volume        = {2},
  number        = {1},
  pages         = {1--12},
  year          = {2002},
  publisher     = {European Ornithologists Union}
}

@book{cone.mathematical.1964,
  title         = {A Mathematical Analysis of the Dynamic Soaring Flight of the Albatross: With Ecological Interpretations},
  author        = {Cone, Clarence D},
  year          = {1964},
  publisher     = {Virginia Institute of Marine Science Gloucester Point, Virgina}
}

@book{idrac.experimentelle.1932,
  title         = {Experimentelle Untersuchungen {\"u}ber den Segelflug, mitten im Fluggebiet grosser Segelnder V{\"o}gel (Geier, Albatros usw). Ihre Anwendung auf den Segelflug des Menschen...[Einleitung von Walter Georgii.].},
  author        = {Idrac, Pierre and Georgii, Walter},
  year          = {1932},
  publisher     = {R. Oldenbourg}
}

@article{wilson.sweeping.1975,
  title         = {Sweeping flight and soaring by albatrosses},
  author        = {Wilson, JA},
  journal       = {Nature},
  volume        = {257},
  pages         = {307--308},
  year          = {1975}
}

@inproceedings{sachs.progress.2011,
  title         = {Progress against the wind with dynamic soaring: results from in-flight measurements of albatrosses},
  author        = {Sachs, Gottfried and Traugott, Johannes and Holzapfel, Florian},
  booktitle     = {AIAA guidance, navigation, and control conference and exhibit, Portland, Oregon, USA},
  year          = {2011}
}

@article{sachs.experimental.2013,
  title         = {Experimental verification of dynamic soaring in albatrosses},
  author        = {Sachs, G and Traugott, J and Nesterova, AP and Bonadonna, F},
  journal       = {The Journal of experimental biology},
  volume        = {216},
  number        = {22},
  pages         = {4222--4232},
  year          = {2013},
  publisher     = {The Company of Biologists Ltd}
}
